<record><leader>00000cas a22000007a 4500</leader><controlfield tag="001">13084095</controlfield><controlfield tag="008">860130d187u1875aluwr ne      0    0eng d</controlfield><datafield ind1=" " ind2=" " tag="010"><subfield code="a">sn 86050058 </subfield></datafield><datafield ind1=" " ind2=" " tag="040"><subfield code="a">AAR</subfield><subfield code="b">eng</subfield><subfield code="c">AAR</subfield><subfield code="d">CPN</subfield><subfield code="d">OCLCQ</subfield></datafield><datafield ind1=" " ind2=" " tag="042"><subfield code="a">msc</subfield></datafield><datafield ind1="0" ind2="0" tag="245"><subfield code="a">Opelika weekly observer.</subfield></datafield><datafield ind1=" " ind2=" " tag="260"><subfield code="a">Opelika, Ala. :</subfield><subfield code="b">John L. Cowan,</subfield><subfield code="c">-1875.</subfield></datafield><datafield ind1=" " ind2=" " tag="300"><subfield code="a">v. :</subfield><subfield code="b">ill. ;</subfield><subfield code="c">62 cm.</subfield></datafield><datafield ind1=" " ind2=" " tag="310"><subfield code="a">Weekly</subfield></datafield><datafield ind1="0" ind2=" " tag="362"><subfield code="a">-Observer v. 3, no. 49 (Sept. 23, 1875) = Locomotive v. 8, no. 49.</subfield></datafield><datafield ind1=" " ind2=" " tag="500"><subfield code="a">Editor: John L. Cowan, &lt;1875&gt;.</subfield></datafield><datafield ind1=" " ind2=" " tag="588"><subfield code="a">Description based on: Observer vol. 3, no. 13 (Jan. 14, 1875) = Locomotive v. 8, no. 13.</subfield></datafield><datafield ind1=" " ind2=" " tag="752"><subfield code="a">United States</subfield><subfield code="b">Alabama</subfield><subfield code="c">Lee</subfield><subfield code="d">Opelika.</subfield></datafield><datafield ind1="0" ind2="4" tag="780"><subfield code="t">Opelika locomotive</subfield><subfield code="w">(DLC)sn 85033102</subfield></datafield><datafield ind1="0" ind2="4" tag="780"><subfield code="t">Opelika observer (Opelika, Ala.)</subfield><subfield code="w">(DLC)sn 84023576</subfield></datafield><datafield ind1="0" ind2="0" tag="785"><subfield code="t">Opelika observer (Opelika, Ala. : 1875)</subfield><subfield code="w">(DLC)sn 86050059</subfield></datafield><datafield ind1="1" ind2=" " tag="029"><subfield code="a">AU@</subfield><subfield code="b">000023435594</subfield></datafield></record>